@misc{3vs,
  title = {3D Data Management: Controlling Data Volume, Velocity and Variety},
  author = {Doug Laney},
  howpublished = {\url{http://blogs.gartner.com/doug-laney/files/2012/01/ad949-3D-Data-Management-Controlling-Data-Volume-Velocity-and-Variety.pdf}},
  note = {Accessed: 2015-09-30}
}

@misc{7vs,
  title = {Why The 3V's Are Not Sufficient To Describe Big Data},
  author = {Mark van Rijmenam},
  howpublished = {\url{https://datafloq.com/read/3vs-sufficient-describe-big-data/166}},
  note = {Accessed: 2015-09-30}
}

@misc{3buf,
  title = {Triple Buffering: Why We Love It},
  author = {Derek Wilson},
  howpublished = {\url{http://www.anandtech.com/show/2794}},
  note = {Accessed: 2015-09-25}
}

@misc{bloat,
  title = {Law of Software Envelopment},
  author = {Jamie Zawinski},
  howpublished = {\url{https://www.jwz.org/hacks/}},
  note = {Accessed: 2015-09-26}
}

